% Encoding: UTF-8

@Article{Knauff2014,
  author    = {Markus Knauff and Jelica Nejasmic},
  title     = {An Efficiency Comparison of Document Preparation Systems Used in Academic Research and Development},
  journal   = {{PLoS} {ONE}},
  year      = {2014},
  volume    = {9},
  number    = {12},
  pages     = {e115069},
  month     = {dec},
  doi       = {10.1371/journal.pone.0115069},
  editor    = {Cynthia Gibas},
  publisher = {Public Library of Science ({PLoS})},
}

@Comment{jabref-meta: databaseType:bibtex;}
